@book{Patterson:2013:COD:2568134,
    author = {Patterson, David A. and Hennessy, John L.},
    title = {Computer {O}rganization and {D}esign, {F}ifth {E}dition: {T}he {H}ardware/{S}oftware {I}nterface},
    year = {2013},
    isbn = {0124077269, 9780124077263},
    edition = {5th},
    publisher = {Morgan Kaufmann Publishers Inc.},
    address = {San Francisco, CA, USA},
}
@MANUAL {MIPS1A,
    title        = "{MIPS} {A}rchitecture {F}or {P}rogrammers {V}olume {I-A}: {I}ntroduction to the {MIPS}32 {A}rchitecture",
    organization = "MIPS Technologies, Inc.",
    address      = "955 East Arques Avenue Sunnyvale, CA 94085-4521",
    edition      = "Revision 3.02",
    month        = "mar",
    year         = "2011"
}
@MANUAL {MIPS2A,
    title        = "{MIPS} {A}rchitecture {F}or {P}rogrammers {V}olume {II-A}: {T}he {MIPS}32 {I}nstruction {S}et",
    organization = "MIPS Technologies, Inc.",
    address      = "955 East Arques Avenue Sunnyvale, CA 94085-4521",
    edition      = "Revision 3.02",
    month        = "mar",
    year         = "2011"
}
@MANUAL {MIPS3,
    title        = "{MIPS} {A}rchitecture {F}or {P}rogrammers {V}olume {III}: {T}he {MIPS32} and micro{MIPS}32 {P}rivileged {R}esource {A}rchitecture",
    organization = "MIPS Technologies, Inc.",
    address      = "955 East Arques Avenue Sunnyvale, CA 94085-4521",
    edition      = "Revision 3.02",
    month        = "mar",
    year         = "2011"
}